<collection xmlns="http://www.loc.gov/MARC21/slim">
<record>
  <leader>01425nam0a2200277 i 450 </leader>
  <controlfield tag="001">IT\ICCU\CNCE\079074</controlfield>
  <controlfield tag="005">20151125000000.0</controlfield>
  <datafield tag="012" ind1=" " ind2=" ">
    <subfield code="a">o,es M.se arn- gitu (3) 1546 (R)</subfield>
    <subfield code="2">fei</subfield>
  </datafield>
  <datafield tag="100" ind1=" " ind2=" ">
    <subfield code="a">20151125d1546        0itac0103    ba</subfield>
  </datafield>
  <datafield tag="101" ind1=" " ind2=" ">
    <subfield code="a">ITA</subfield>
  </datafield>
  <datafield tag="102" ind1=" " ind2=" ">
    <subfield code="a">IT</subfield>
  </datafield>
  <datafield tag="200" ind1="1" ind2=" ">
    <subfield code="a">Due dialoghi, l&apos;vno di Mercurio, et Caronte, nel quale, oltre molte cose belle, gratiose, et di bona dottrina, si racconta quel, che accade nella guerra dopo l&apos;anno, MDXXI. L&apos;altro di Lattantio, et di vno archidiacono, nel quale puntalmente \!! sitrattano le cose auenute in Roma nell&apos;anno MDXXVII. Di spagnuolo in italiano con molta accuratezza et tradotti, et reuisti</subfield>
  </datafield>
  <datafield tag="210" ind1=" " ind2=" ">
    <subfield code="d">1546</subfield>
  </datafield>
  <datafield tag="215" ind1=" " ind2=" ">
    <subfield code="a">183, \1! c.</subfield>
    <subfield code="d">8ʻ</subfield>
  </datafield>
  <datafield tag="300" ind1=" " ind2=" ">
    <subfield code="a">Opera gi ̉attribuita a Juan de Valdš</subfield>
  </datafield>
  <datafield tag="700" ind1=" " ind2="1">
    <subfield code="a">Valdš,</subfield>
    <subfield code="b">Alfonso : de</subfield>
    <subfield code="3">IT\ICCU\CNCA\009937</subfield>
  </datafield>
  <datafield tag="702" ind1=" " ind2="1">
    <subfield code="a">Clario,</subfield>
    <subfield code="b">Isidoro</subfield>
    <subfield code="3">IT\ICCU\CNCA\001118</subfield>
  </datafield>
  <datafield tag="702" ind1=" " ind2="1">
    <subfield code="a">Valdš,</subfield>
    <subfield code="b">Juan : de</subfield>
    <subfield code="3">IT\ICCU\CNCA\009331</subfield>
  </datafield>
  <datafield tag="712" ind1="0" ind2="2">
    <subfield code="a">s.n.</subfield>
    <subfield code="3">IT\ICCU\CNCT\000002</subfield>
    <subfield code="4">650</subfield>
  </datafield>
  <datafield tag="790" ind1=" " ind2="1">
    <subfield code="a">Valdš,</subfield>
    <subfield code="b">Alonso</subfield>
    <subfield code="3">IT\ICCU\CNCA\009938</subfield>
    <subfield code="z">Valdš, Alfonso : de</subfield>
  </datafield>
  <datafield tag="790" ind1=" " ind2="1">
    <subfield code="a">Valdš,</subfield>
    <subfield code="b">Giovanni Alfonso</subfield>
    <subfield code="3">IT\ICCU\CNCA\024664</subfield>
    <subfield code="z">Valdš, Alfonso : de</subfield>
  </datafield>
  <datafield tag="790" ind1=" " ind2="1">
    <subfield code="a">Chiari,</subfield>
    <subfield code="b">Isidoro</subfield>
    <subfield code="3">IT\ICCU\CNCA\007959</subfield>
    <subfield code="z">Clario, Isidoro</subfield>
  </datafield>
  <datafield tag="790" ind1=" " ind2="1">
    <subfield code="a">Cucchi,</subfield>
    <subfield code="b">Taddeo</subfield>
    <subfield code="3">IT\ICCU\CNCA\008051</subfield>
    <subfield code="z">Clario, Isidoro</subfield>
  </datafield>
  <datafield tag="790" ind1=" " ind2="1">
    <subfield code="a">Valdesso,</subfield>
    <subfield code="b">Giovanni</subfield>
    <subfield code="3">IT\ICCU\CNCA\024665</subfield>
    <subfield code="z">Valdš, Juan : de</subfield>
  </datafield>
  <datafield tag="801" ind1=" " ind2="3">
    <subfield code="a">IT</subfield>
    <subfield code="b">ICCU</subfield>
    <subfield code="c">20201115</subfield>
  </datafield>
  <datafield tag="899" ind1=" " ind2=" ">
    <subfield code="a">Biblioteca nazionale Braidense. Milano</subfield>
    <subfield code="1">MI0185</subfield>
    <subfield code="2">MIL NB</subfield>
  </datafield>
</record>
</collection>
